@STRING{@specom05 ="blabla"}
@STRING{@HLT ="blablabla"}

@INPROCEEDINGS{specom05,
  AUTHOR = {Martti Vainio and Antti Suni and Paula Sirjola},
  TITLE = {Accent and Prominence in {F}innish speech synthesis},
  BOOKTITLE = {Proceedings of the 10th International Conference on Speech and
                  Computer (Specom 2005)},
  PAGES = {309 -- 312},
  YEAR = 2005,
  EDITOR = {NN},
  MONTH = {October},
  ORGANIZATION = {University of Patras, Greece},
}

@INPROCEEDINGS{HLT,
  AUTHOR = {Martti Vainio and Antti Suni and Paula Sirjola},
  TITLE = {Developing a {F}innish Concept-to-Speech System},
  BOOKTITLE = {Proceedings of the Second Baltic Conference on HUMAN LANGUAGE
                  TECHNOLOGIES},
  PAGES = {201--206},
  YEAR = 2005,
  EDITOR = {Margit Langemets and Priit Penjam},
  ADDRESS = {Tallinn},
  MONTH = {April 4--5}
}

@INPROCEEDINGS{RIEPMO84,
author = "Nils Jernsletten",
title = "Intonation as a distinctive factor in {S}aami",
booktitle = "Riepmočála = essays in honour of Knut Bergsland.",
pages = {90-102},
publisher = "Novus",
address = "Oslo",
year = "1984",
}
