@book{Beesley03,
author = "Kenneth R. Beesley and Lauri Karttunen",
title = "Finite State Morphology",
series = "Studies in Computational Linguistics.",
publisher = "CSLI Publications",
address = "Stanford, California",
year = "2003"
}

@article{Trosterud03,
author = "Trond Trosterud",
title = "Samisk spr{\aa}kteknologi",
journal = "Nordisk sprogteknologi - {\AA}rbog for Nordisk Sprogteknologisk Forskningsprogram 2000-2004",
volume = "3",
pages = "51-58",
year = "2003"
}
